@INPROCEEDINGS{1511035,
  author={Gene Eu Jan and Tong-Ying Juang and Jun-Da Huang and Chien-Min Su and Chih-Yung Cheng},
  booktitle={Proceedings, 2005 IEEE/ASME International Conference on Advanced Intelligent Mechatronics.}, 
  title={A fast path planning algorithm for piano mover's problem on raster}, 
  year={2005},
  volume={},
  number={},
  pages={522-527},
  doi={10.1109/AIM.2005.1511035}}

@INPROCEEDINGS{6821131,  author={Wilson, David and Davenport, James H. and England, Matthew and Bradford, Russell},  booktitle={2013 15th International Symposium on Symbolic and Numeric Algorithms for Scientific Computing},   title={A "Piano Movers" Problem Reformulated},   year={2013},  volume={},  number={},  pages={53-60},  doi={10.1109/SYNASC.2013.14}}

@ARTICLE{9491138,  author={Sheng, Weitian and Li, Bai and Zhong, Xiang},  journal={IEEE Access},   title={Autonomous Parking Trajectory Planning With Tiny Passages: A Combination of Multistage Hybrid A-Star Algorithm and Numerical Optimal Control},   year={2021},  volume={9},  number={},  pages={102801-102810},  doi={10.1109/ACCESS.2021.3098676}}

@ARTICLE{6876211,  author={Yoon, Sangyol and Shim, David Hyunchul},  journal={IEEE Transactions on Intelligent Transportation Systems},   title={SLPA  $^{\ast}$: Shape-Aware Lifelong Planning A  $^{\ast}$ for Differential Wheeled Vehicles},   year={2015},  volume={16},  number={2},  pages={730-740},  doi={10.1109/TITS.2014.2340020}}

@INPROCEEDINGS{8961757,  author={Shu, Xin and Ni, Fenglei and Zhou, Zhou and Liu, Yechao and Liu, Hong and Zou, Tian},  booktitle={2019 IEEE International Conference on Robotics and Biomimetics (ROBIO)},   title={Locally Guided Multiple Bi-RRT∗ for Fast Path Planning in Narrow Passages},   year={2019},  volume={},  number={},  pages={2085-2091},  doi={10.1109/ROBIO49542.2019.8961757}}

@INPROCEEDINGS{9561207,  author={Peng, Jie and Chen, Yu’An and Duan, Yifan and Zhang, Yu and Ji, Jianmin and Zhang, Yanyong},  booktitle={2021 IEEE International Conference on Robotics and Automation (ICRA)},   title={Towards an Online RRT-based Path Planning Algorithm for Ackermann-steering Vehicles},   year={2021},  volume={},  number={},  pages={7407-7413},  doi={10.1109/ICRA48506.2021.9561207}}

@ARTICLE{9536671,  author={Li, Binghui and Chen, Badong},  journal={IEEE/CAA Journal of Automatica Sinica},   title={An Adaptive Rapidly-Exploring Random Tree},   year={2022},  volume={9},  number={2},  pages={283-294},  doi={10.1109/JAS.2021.1004252}}

@INPROCEEDINGS{8324439,  author={Meng, Zehui and Qin, Hailong and Sun, Hao and Shen, Xiaotong and Ang, Marcelo H.},  booktitle={2017 IEEE International Conference on Robotics and Biomimetics (ROBIO)},   title={Obstacle-guided informed planning towards robot navigation in cluttered environments},   year={2017},  volume={},  number={},  pages={332-337},  doi={10.1109/ROBIO.2017.8324439}}

@INPROCEEDINGS{9564599,  author={Yamaguchi, Takuma and Ishiguro, Tatsuya and Okuda, Hiroyuki and Suzuki, Tatsuya},  booktitle={2021 IEEE International Intelligent Transportation Systems Conference (ITSC)},   title={Model Predictive Path Planning for Autonomous Parking Based on Projected C-Space},   year={2021},  volume={},  number={},  pages={929-935},  doi={10.1109/ITSC48978.2021.9564599}}

@INPROCEEDINGS{7061856,  author={Nagy, Ákos and Csorvási, Gábor and Kiss, Domokos},  booktitle={2015 IEEE 13th International Symposium on Applied Machine Intelligence and Informatics (SAMI)},   title={Path planning and control of differential and car-like robots in narrow environments},   year={2015},  volume={},  number={},  pages={103-108},  doi={10.1109/SAMI.2015.7061856}}

@INPROCEEDINGS{7880346,  author={Kiss, Domokos and Papp, Dávid},  booktitle={2017 IEEE 15th International Symposium on Applied Machine Intelligence and Informatics (SAMI)},   title={Effective navigation in narrow areas: A planning method for autonomous cars},   year={2017},  volume={},  number={},  pages={000423-000430},  doi={10.1109/SAMI.2017.7880346}}

@ARTICLE{8022960,  author={Mercy, Tim and Van Parys, Ruben and Pipeleers, Goele},  journal={IEEE Transactions on Control Systems Technology},   title={Spline-Based Motion Planning for Autonomous Guided Vehicles in a Dynamic Environment},   year={2018},  volume={26},  number={6},  pages={2182-2189},  doi={10.1109/TCST.2017.2739706}}

@INPROCEEDINGS{1225154,  author={Gene Eu Jan and Ki-Yin Chang and Parberry, I.},  booktitle={Proceedings 2003 IEEE/ASME International Conference on Advanced Intelligent Mechatronics (AIM 2003)},   title={A new maze routing approach for path planning of a mobile robot},   year={2003},  volume={1},  number={},  pages={552-557 vol.1},  doi={10.1109/AIM.2003.1225154}}

@ARTICLE{9632369,  author={Li, Bai and Li, Li and Acarman, Tankut and Shao, Zhijiang and Yue, Ming},  journal={IEEE Robotics and Automation Letters},   title={Optimization-Based Maneuver Planning for a Tractor-Trailer Vehicle in a Curvy Tunnel: A Weak Reliance on Sampling and Search},   year={2022},  volume={7},  number={2},  pages={706-713},  doi={10.1109/LRA.2021.3131693}}

@INPROCEEDINGS{6968200,  author={Goyal, Jitin Kumar and Nagla, K.S.},  booktitle={2014 International Conference on Advances in Computing, Communications and Informatics (ICACCI)},   title={A new approach of path planning for mobile robots},   year={2014},  volume={},  number={},  pages={863-867},  doi={10.1109/ICACCI.2014.6968200}}

@INPROCEEDINGS{8743249,  author={Chang, Lu and Shan, Liang and Li, Jun and Dai, Yuewei},  booktitle={2019 IEEE 16th International Conference on Networking, Sensing and Control (ICNSC)},   title={The Path Planning of Mobile Robots Based on an Improved A Algorithm},   year={2019},  volume={},  number={},  pages={257-262},  doi={10.1109/ICNSC.2019.8743249}}

@INPROCEEDINGS{8484297,  author={Wang, Hui and Wang, Zhengan and Yu, Lijun and Wang, Qiang and Liu, Chaoda},  booktitle={2018 IEEE International Conference on Mechatronics and Automation (ICMA)},   title={A Hybrid Algorithm For Robot Path Planning},   year={2018},  volume={},  number={},  pages={986-990},  doi={10.1109/ICMA.2018.8484297}}
